
@article{delrosso2018,
  author    = {DelRosso, Lourdes M. and Martin, Kara and Ferri, Raffaele},
  title     = {A not so incidental finding in a 12-year old with sleepiness and headaches},
  journal   = {Sleep Medicine},
  volume    = {43},
  pages     = {31--33},
  year      = {2018},
  doi       = {10.1016/j.sleep.2017.11.1123}
}

@incollection{hobson2010,
  author    = {Hobson, J. Allan},
  title     = {Sleeping, waking, and dreaming},
  booktitle = {Encyclopedia of Behavioral Neuroscience},
  pages     = {237--256},
  publisher = {Elsevier},
  year      = {2010},
  doi       = {10.1016/B978-0-08-045396-5.00224-4}
}

@article{liu2021,
  author    = {Liu, G.-R. and Lin, T.-Y. and Wu, H.-T. and Sheu, Y.-C. and Liu, C.-L. and Liu, W.-T. and Yang, M.-C. and Ni, Y.-L. and Chou, K.-T. and Chen, C.-H. and Wu, D. and Lan, C.-C. and Chiu, K.-L. and Chiu, H.-Y. and Lo, Y.-L.},
  title     = {Large-scale assessment of consistency in sleep stage scoring rules among multiple sleep centers using an interpretable machine learning algorithm},
  journal   = {Journal of Clinical Sleep Medicine},
  volume    = {17},
  number    = {2},
  pages     = {159--166},
  year      = {2021},
  doi       = {10.5664/jcsm.8820}
}

@incollection{mccarley1994,
  author    = {McCarley, Robert W.},
  title     = {Neurophysiology of sleep: Basic mechanisms underlying control of wakefulness and sleep},
  booktitle = {Sleep Disorders Medicine},
  editor    = {Chokroverty, Sudhansu},
  pages     = {17--36},
  publisher = {Butterworth-Heinemann},
  year      = {1994},
  doi       = {10.1016/B978-0-7506-9002-7.50008-2}
}

@misc{mueller_nsrr,
  author    = {Mueller, Raymon},
  title     = {Sleep data—National Sleep Research Resource—NSRR},
  note      = {Accessed from https://doi.org/10.25822/63pr-a591},
  howpublished = {\url{https://doi.org/10.25822/63pr-a591}},
  year      = {n.d.}
}

@article{safieddine2012,
  author    = {Safieddine, D. and Kachenoura, A. and Albera, L. and Birot, G. and Karfoul, A. and Pasnicu, A. and Biraben, A. and Wendling, F. and Senhadji, L. and Merlet, I.},
  title     = {Removal of muscle artifact from EEG data: Comparison between stochastic (ICA and CCA) and deterministic (EMD and wavelet-based) approaches},
  journal   = {EURASIP Journal on Advances in Signal Processing},
  volume    = {2012},
  number    = {1},
  pages     = {127},
  year      = {2012},
  doi       = {10.1186/1687-6180-2012-127}
}

@article{semedo2019,
  author    = {Semedo, João D. and Zandvakili, Amin and Machens, Christian K. and Yu, Byron M. and Kohn, Adam},
  title     = {Cortical areas interact through a communication subspace},
  journal   = {Neuron},
  volume    = {102},
  number    = {1},
  pages     = {249--259.e4},
  year      = {2019},
  doi       = {10.1016/j.neuron.2019.01.026}
}

@article{vangorp2024,
  author    = {Van Gorp, H. and Van Gilst, M. M. and Overeem, S. and Dujardin, S. and Pijpers, A. and Van Wetten, B. and Fonseca, P. and Van Sloun, R. J. G.},
  title     = {Single-channel EOG sleep staging on a heterogeneous cohort of subjects with sleep disorders},
  journal   = {Physiological Measurement},
  volume    = {45},
  number    = {5},
  pages     = {055007},
  year      = {2024},
  doi       = {10.1088/1361-6579/ad4251}
}

@article{xu2025,
  author    = {Xu, X. and Zhang, B. and Xu, T. and Tang, J.},
  title     = {An effective and interpretable sleep stage classification approach using multi-domain electroencephalogram and electrooculogram features},
  journal   = {Bioengineering},
  volume    = {12},
  number    = {3},
  pages     = {286},
  year      = {2025},
  doi       = {10.3390/bioengineering12030286}
}
